<record><leader>00000cas a2200000 a 4500</leader><controlfield tag="001">27724039</controlfield><controlfield tag="008">930312d19751978caudn ne      0    0eng c</controlfield><datafield ind1=" " ind2=" " tag="010"><subfield code="a">sn 93050938 </subfield></datafield><datafield ind1=" " ind2=" " tag="040"><subfield code="a">CUY</subfield><subfield code="b">eng</subfield><subfield code="c">CNK</subfield><subfield code="d">OCLCQ</subfield><subfield code="d">CNK</subfield><subfield code="d">OCLCQ</subfield><subfield code="d">OCLCF</subfield><subfield code="d">OCLCO</subfield></datafield><datafield ind1="1" ind2=" " tag="029"><subfield code="a">AU@</subfield><subfield code="b">000020751448</subfield></datafield><datafield ind1=" " ind2=" " tag="042"><subfield code="a">pcc</subfield></datafield><datafield ind1=" " ind2=" " tag="043"><subfield code="a">n-us-ca</subfield></datafield><datafield ind1="0" ind2=" " tag="130"><subfield code="a">Berkeley gazette (Berkeley, Calif. : 1975)</subfield></datafield><datafield ind1="1" ind2="0" tag="245"><subfield code="a">Berkeley gazette.</subfield></datafield><datafield ind1="1" ind2="7" tag="246"><subfield code="a">Independent-gazette</subfield><subfield code="f">May 22, 1975-May 10, 1976</subfield></datafield><datafield ind1="1" ind2="7" tag="246"><subfield code="a">Independent and gazette</subfield><subfield code="f">May 26, 1976-Apr. 29, 1978</subfield></datafield><datafield ind1=" " ind2=" " tag="260"><subfield code="a">Berkeley, Calif. :</subfield><subfield code="b">Brown Newspaper Pub. Co.</subfield></datafield><datafield ind1=" " ind2=" " tag="300"><subfield code="a">v.</subfield></datafield><datafield ind1=" " ind2=" " tag="310"><subfield code="a">Daily (except Sun.)</subfield></datafield><datafield ind1="0" ind2=" " tag="362"><subfield code="a">No. 213 (May 21, 1975)-101st year, no. 207 (Apr. 29, 1978).</subfield></datafield><datafield ind1=" " ind2=" " tag="515"><subfield code="a">Numbering is irregular.</subfield></datafield><datafield ind1=" " ind2=" " tag="530"><subfield code="a">Master negatives are available for duplication from:</subfield><subfield code="b">California Newspaper Microfilm Archive;</subfield><subfield code="c">positive copies may be purchased by the reel; for further information consult the CNMA at:</subfield><subfield code="u">http://cbsr.ucr.edu</subfield></datafield><datafield ind1=" " ind2="0" tag="651"><subfield code="a">Berkeley (Calif.)</subfield><subfield code="v">Newspapers.</subfield></datafield><datafield ind1=" " ind2="7" tag="655"><subfield code="a">Newspapers.</subfield><subfield code="2">fast</subfield><subfield code="0">(OCoLC)fst01423814</subfield></datafield><datafield ind1=" " ind2="7" tag="651"><subfield code="a">California</subfield><subfield code="z">Berkeley.</subfield><subfield code="2">fast</subfield><subfield code="0">(OCoLC)fst01205020</subfield></datafield><datafield ind1=" " ind2=" " tag="752"><subfield code="a">United States</subfield><subfield code="b">California</subfield><subfield code="c">Alameda</subfield><subfield code="d">Berkeley.</subfield></datafield><datafield ind1="0" ind2="0" tag="780"><subfield code="t">Berkeley daily gazette</subfield><subfield code="w">(DLC)sn 93050944</subfield></datafield><datafield ind1="0" ind2="7" tag="785"><subfield code="t">Independent (Richmond, Calif.)</subfield><subfield code="w">(DLC)sn 93050941</subfield></datafield><datafield ind1="0" ind2="7" tag="785"><subfield code="t">North East Bay independent and gazette</subfield><subfield code="w">(DLC)sn 93050943</subfield></datafield></record>